@ARTICLE{ArBre,
  author  = {Brenda Mariana Casillas},
  title   = {Fórmulas de Büchi},
  journal = {Matemáticas Discretas},
  year    = {2019},
  volume  = {1},
  number  = {2},
  pages   = {30},
  month   = {May}
}

@BOOK{LiAngel,
  author = {Angel Daniel Mendoza Quiroz},
  title  = {Reglas para no Reprobar},
  publisher = {Patria},
  year   = {2023},
  isbn   = {1234567890}
}

@MISC{buffett84,
  author       = {Warren E. Buffett},
  title        = {The Superinvestors of Graham-and-Doddsville},
  year         = {1984},
  howpublished = {\url{https://www8.gsb.columbia.edu/sites/valueinvesting/files/files/Buffett1984.pdf}},
  note         = {Consultado el 30 de junio de 2019}
}

@MISC{mongodb,
  author       = {MongoDB, Inc.},
  title        = {La plataforma de datos para desarrolladores},
  year         = {2024},
  howpublished = {\url{https://www.mongodb.com/es/solutions/developer-data-platform}},
  note         = {Consultado el 15 de enero de 2024}
}

@BOOK{book,
author = {Monk, Ellen and Wagner, Bret},
year = {2008},
month = {01},
pages = {},
title = {Concepts in Enterprise Resource Planning}
}

@ARTICLE{dura2022saas,
  author    = {Dura, Codruța Cornelia and Drigă, Imola and Iordache, Ana Maria Mihaela},
  title     = {Software-as-a-Service Programs and Project management: A Case Study on Odoo ERP},
  booktitle = {MATEC Web of Conferences},
  year      = {2022},
  volume    = {373},
  pages     = {00037},
  doi       = {10.1051/matecconf/202237300037}
}

@mastersthesis{pretell2024mejora,
  author  = {Pretell Cruzado, Ramón Johny},
  title   = {Propuesta de mejora para el proceso de gestión docente de la Universidad Nacional Autónoma de Chota, 2024},
  school  = {Escuela de Posgrado Newman},
  year    = {2024},
  address = {Tacna, Perú},
  type    = {Trabajo de Investigación de Maestría} 
}

@misc{odooDocs,
  author       = {{Odoo S.A.}},
  title        = {Odoo 17.0 Developer Documentation},
  howpublished = {\url{https://www.odoo.com/documentation/18.0/index.html}},
  year         = {2024},
  note         = {Consultado el 9 de junio de 2025} 
}

@article{Hammouch_2024, 
title={Enhancing Management Control Through ERP Systems: A Comprehensive Literature Review}, 
volume={6},
url={https://journals.internationalrasd.org/index.php/jom/article/view/2290}, 
DOI={10.52131/jom.2024.0603.0128}, 
abstractNote={&amp;lt;p&amp;gt;This article examines the significant impact of ERP (Enterprise Resource Planning) on management control in modern organizations, based on the Marroy case study. Exploring the deep integration between ERP and critical management control functions, this essay offers an in-depth analysis of key benefits such as task automation, business process optimization, and improved decision-making. The study highlights the challenges associated with ERP implementation, and proposes effective solutions for maximizing the benefits of this technology in the context of today’s digital transformation. By offering an essential perspective on the evolution of management control practices thanks to the technological innovations of ERP, this article contributes to the understanding of modern strategic and operational strategies in organizations.&amp;lt;/p&amp;gt;}, 
number={3}, 
journal={iRASD Journal of Management}, 
author={Hammouch, Hind}, 
year={2024}, 
month={Aug.}, 
pages={125–133} 
}

